<record><leader>00000cas a22000007a 4500</leader><controlfield tag="001">20707144</controlfield><controlfield tag="008">891129d189u189unduwr ne      0    0eng d</controlfield><datafield ind1=" " ind2=" " tag="010"><subfield code="a">sn 89074424 </subfield></datafield><datafield ind1=" " ind2=" " tag="040"><subfield code="a">NOP</subfield><subfield code="b">eng</subfield><subfield code="c">NOP</subfield><subfield code="d">OCLCQ</subfield></datafield><datafield ind1=" " ind2=" " tag="042"><subfield code="a">msc</subfield></datafield><datafield ind1=" " ind2="4" tag="050"><subfield code="a">AN2</subfield><subfield code="b">.N667</subfield></datafield><datafield ind1="0" ind2="0" tag="245"><subfield code="a">Weekly Northwest news.</subfield></datafield><datafield ind1="1" ind2="3" tag="246"><subfield code="a">Northwest news</subfield></datafield><datafield ind1=" " ind2=" " tag="260"><subfield code="a">Grand Forks, N.D. :</subfield><subfield code="b">Fred E. Beck and W.T. Sherman</subfield></datafield><datafield ind1=" " ind2=" " tag="300"><subfield code="a">v. :</subfield><subfield code="b">ill.</subfield></datafield><datafield ind1=" " ind2=" " tag="310"><subfield code="a">Weekly</subfield></datafield><datafield ind1=" " ind2=" " tag="500"><subfield code="a">Official County paper, 1896.</subfield></datafield><datafield ind1=" " ind2=" " tag="500"><subfield code="a">Publisher's block title: Northwest news.</subfield></datafield><datafield ind1=" " ind2=" " tag="588"><subfield code="a">Description based on: Vol. 9, no. 32 (Ap. 2, 1896).</subfield></datafield><datafield ind1=" " ind2=" " tag="752"><subfield code="a">United States</subfield><subfield code="b">North Dakota</subfield><subfield code="c">Grand Forks</subfield><subfield code="d">Grand Forks.</subfield></datafield><datafield ind1="0" ind2=" " tag="775"><subfield code="t">Daily Northwest news</subfield><subfield code="w">(DLC)sn 89074425</subfield></datafield><datafield ind1="0" ind2="0" tag="780"><subfield code="t">Northwest news (Grand Forks, N.D.)</subfield><subfield code="w">(DLC)sn 87070009</subfield></datafield><datafield ind1="0" ind2="0" tag="785"><subfield code="t">Grand Forks Republican and Northwest news</subfield><subfield code="w">(DLC)sn 89074426</subfield></datafield></record>